@misc{sierra,
	howpublished = {\url{https://asc.llnl.gov/coral-info}},
	title = {{CORAL/Sierra}}}

@misc{summit,
        key = {summit},
	howpublished = {\url{https://www.olcf.ornl.gov/wp-content/uploads/2014/11/Summit_FactSheet.pdf}},
	title = {{SUMMIT}: Scale new heights. {D}iscover new solutions.}}

@misc{trinity,
        key = {trinity},
	howpublished = {\url{http://www.lanl.gov/projects/trinity/}},
	title = {Trinity}}

@misc{ompdoc,
	author = {{OpenMP Architecture Review Board}},
	howpublished = {\url{http://www.openmp.org/mp-documents/OpenMP4.0.0.pdf}},
	title = {{OpenMP} Application Program Interface Version 4.0}}}

@misc{llnl-apps,
	howpublished = {\url{https://wci.llnl.gov/simulation/computer-codes}},
	title = {Compute Codes}}

@inproceedings{sus_common_2008,
	optaddress = {Berlin, Heidelberg},
	optseries = {{IWOMP'05/IWOMP'06}},
	title = {Common Mistakes in {OpenMP} and How to Avoid Them: A Collection of Best Practices},
	optisbn = {3-540-68554-5, 978-3-540-68554-8},
	optshorttitle = {Common Mistakes in {OpenMP} and How to Avoid Them},
	opturl = {http://dl.acm.org/citation.cfm?id=1892830.1892863},
	booktitle = {Proceedings of the 2005 and 2006 International Conference on {OpenMP} Shared Memory Parallel Programming},
	optpublisher = {Springer-Verlag},
	author = {S\"{u}\ss, Michael and Leopold, Claudia},
	year = 2008,
	pages = {312--323}
}
